   @MISC{beakerlib_wiki,
      author =       {{"Red Hat Inc."}},
      title =        "{\it BeakerLib GitHub wiki man page}",
      url =          "https://github.com/beakerlib/beakerlib/wiki/man",
      note =         "[Online; visited 15.05.2017]"
   }

   @MISC{beaker_doc,
      author =       {{"Red Hat Inc."}},
      title =        "{\it Beaker documentation}",
      url =          "https://beaker-project.org/",
      note =         "[Online; visited 14.05.2017]"
   }


   @MISC{beah_doc,
      author =       {{"Red Hat Inc."}},
      title =        "{\it Beah documentation}",
      url =          "https://beah.readthedocs.io/en/latest/",
      note =         "[Online; visited 14.05.2017]"
   }

   @MISC{restraint_doc,
      author =       "Bill Peck and Dan Callaghan and Jeff Bastian and Artem Savkov",
      title =        "{\it Restraint documentation}",
      url =          "http://restraint.readthedocs.io/en/latest/",
      note =         "[Online; visited 15.05.2017]"
   }

   @MISC{minidom_doc,
      author =       "{{Python Software Foundation}}",
      title =        "{\it xml.dom.minidom documentation}",
      url =          "https://docs.python.org/2/library/xml.dom.minidom.html",
      note =         "[Online; visited 15.05.2017]"
   }

   @MISC{lxml_doc,
      author =       "Stefan Behnel",
      title =        "{\it lxml documentation}",
      url =          "http://lxml.de/index.html",
      note =         "[Online; visited 15.05.2017]"
   }

   @MISC{sax_doc,
      author =       "{{Python Software Foundation}}",
      title =        "{\it xml.sax documentation}",
      url =          "https://docs.python.org/2/library/xml.sax.html",
      note =         "[Online; visited 15.05.2017]"
   }

    @BOOK{Sax2,
      Author =		 {David Brownell},
      Title =		 {\it Sax2},
      Publisher =	 {O'Reilly Media},
      Year = 		{2002},
      ISBN = 		{0596002378}
    }

   @MISC{sax_example,
      author =       "{{Python Software Foundation}}",
      title =        "{\it Sax}",
      url =          "https://wiki.python.org/moin/Sax",
      note =         "[Online; visited 15.05.2017]"
   }

   @MISC{lxml_performance,
      author =       "Stefan Behnel",
      title =        "{\it lxml performance}",
      url =          "http://lxml.de/performance.html",
      note =         "[Online; visited 15.05.2017]"
   }

   @MISC{xpath,
      author =       "{{W3Schools}}",
      title =        "{\it XPath Tutorial}",
      url =          "https://www.w3schools.com/xml/xpath_intro.asp",
      note =         "[Online; visited 15.05.2017]"
   }

   @MISC{bash_builtins,
      title      = "Manual page bash\_builtins(1) General Commands Manual",
      year       = "2004",
      month      = "April",
   }

   @MISC{pipes_blocking,
      author =       "Sven Goldt",
      title =        "{\it Blocking Actions on a FIFO}",
      url =          "http://www.tldp.org/LDP/lpg/node19.html#SECTION00734000000000000000",
      note =         "[Online; visited 16.05.2017]"
   }

   @MISC{xml_intro,
      author =       "{{W3Schools}}",
      title =        "{\it Introduction to XML}",
      url =          "https://www.w3schools.com/xml/xml_whatis.asp",
      note =         "[Online; visited 15.05.2017]"
   }

   @MISC{man_kill,
      author     = "Jan Goyvaerts and Karel Zak",
      title      = "Manual page kill(1) User Commands",
      year       = "2014",
      month      = "July",
   }

   @MISC{command_substitution,
      author =       "Mendel Cooper",
      title =        "{\it Command Substitution}",
      url =          "http://www.tldp.org/LDP/abs/html/commandsub.html",
      note =         "[Online; visited 16.05.2017]"
   }

   @MISC{daemon_explanation,
      author =       "{{Indiana University}}",
      title =        "{\it In Unix, what is a daemon?}",
      url =          "https://kb.iu.edu/d/aiau",
      note =         "[Online; visited 16.05.2017]"
   }

   @MISC{regex,
      author =       "Jan Goyvaerts",
      title =        "{\it Regular Expressions Tutorial}",
      url =          "http://www.regular-expressions.info/tutorial.html",
      note =         "[Online; visited 16.05.2017]"
   }

   @MISC{signals,
      author =       "{{Little Unix Programmers Group}}",
      title =        "{\it Introduction To Unix Signals Programming}",
      url =          "https://web.archive.org/web/20130926005901/http://users.actcom.co.il/~choo/lupg/tutorials/signals/signals-programming.html",
      note =         "[Online; visited 16.05.2017]"
   }

   @MISC{non-functional_testing,
      author =       "{{ISTQB Exam Certification}}",
      title =        "{\it What is Non-functional testing?}",
      url =          "http://istqbexamcertification.com/what-is-non-functional-testing-testing-of-software-product-characteristics/",
      note =         "[Online; visited 17.05.2017]"
   }
